@article{AShortHistoryNieder2019,
  author = {Niederer, SA and Campbell, KS and Campbell, SG},
  doi = {10.1016/j.yjmcc.2018.11.015},
  journal = {Journal of Molecular and Cellular Cardiology},
  language = {en},
  month = {2},
  pages = {11--19},
  publisher = {Elsevier BV},
  title = {A short history of the development of mathematical models of cardiac mechanics},
  url = {http://dx.doi.org/10.1016/j.yjmcc.2018.11.015},
  volume = {127},
  year = {2019},
}

@book{tortora2018principles,
  title={Principles of anatomy and physiology},
  author={Tortora, GJ and Derrickson, BH},
  year={2018},
  publisher={John Wiley \& Sons}
}

@article{EffectOfTissuRobert1982,
  author = {Roberts, DE and Scher, AM},
  doi = {10.1161/01.res.50.3.342},
  issue = {3},
  journal = {Circulation Research},
  language = {en},
  month = {3},
  pages = {342--351},
  publisher = {Ovid Technologies (Wolters Kluwer Health)},
  title = {Effect of tissue anisotropy on extracellular potential fields in canine myocardium in situ.},
  url = {http://dx.doi.org/10.1161/01.res.50.3.342},
  volume = {50},
  year = {1982},
}

@inproceedings{HeartMuscleFiZhukovNone,
  author = {Zhukov, L and Barr, AH},
  booktitle = {IEEE Visualization 2003},
  doi = {10.1109/visual.2003.1250425},
  journal = {IEEE Transactions on Ultrasonics, Ferroelectrics and Frequency Control},
  publisher = {IEEE},
  title = {Heart-muscle fiber reconstruction from diffusion tensor {MRI}},
  url = {http://dx.doi.org/10.1109/visual.2003.1250425},
  venue = {Seattle, WA, USA},
  year = {None},
}

@article{FiberOrientatiStreet1969,
  author = {Streeter, DD and Spotnitz, HM and Patel, DP and Ross, J and Sonnenblick, EH},
  doi = {10.1161/01.res.24.3.339},
  issue = {3},
  journal = {Circulation Research},
  language = {en},
  month = {3},
  pages = {339--347},
  publisher = {Ovid Technologies (Wolters Kluwer Health)},
  title = {Fiber Orientation in the Canine Left Ventricle during Diastole and Systole},
  url = {http://dx.doi.org/10.1161/01.res.24.3.339},
  volume = {24},
  year = {1969},
}

@article{ANovelRuleBaBayer2012,
  author = {Bayer, JD and Blake, RC and Plank, G and Trayanova, NA},
  doi = {10.1007/s10439-012-0593-5},
  issue = {10},
  journal = {Annals of Biomedical Engineering},
  language = {en},
  month = {10},
  pages = {2243--2254},
  publisher = {Springer Science and Business Media LLC},
  title = {A Novel Rule-Based Algorithm for Assigning Myocardial Fiber Orientation to Computational Heart Models},
  url = {http://dx.doi.org/10.1007/s10439-012-0593-5},
  volume = {40},
  year = {2012},
}

@inbook{ModelingAtrialKruege2011,
  author = {Krueger, MW and Schmidt, V and Tob\'{o}n, C and Weber, FM and Lorenz, C and Keller, DUJ and Barschdorf, H and Burdumy, M and Neher, P and Plank, G and Rhode, K and Seemann, G and Sanchez-Quintana, D and Saiz, J and Razavi, R and D\"{o}ssel, O},
  doi = {10.1007/978-3-642-21028-0\_28},
  isbn = {['9783642210273', '9783642210280']},
  journal = {Functional Imaging and Modeling of the Heart},
  pages = {223--232},
  publisher = {Springer Berlin Heidelberg},
  title = {Modeling Atrial Fiber Orientation in Patient-Specific Geometries: A Semi-automatic Rule-Based Approach},
  url = {http://dx.doi.org/10.1007/978-3-642-21028-0\_28},
  year = {2011},
}

@article{ModelingCardiaPiersa2021,
  author = {Piersanti, R and Africa, PC and Fedele, M and Vergara, C and Ded\`{e}, L and Corno, AF and Quarteroni, AM},
  doi = {10.1016/j.cma.2020.113468},
  journal = {Computer Methods in Applied Mechanics and Engineering},
  language = {en},
  month = {1},
  pages = {113468},
  publisher = {Elsevier BV},
  title = {Modeling cardiac muscle fibers in ventricular and atrial electrophysiology simulations},
  url = {http://dx.doi.org/10.1016/j.cma.2020.113468},
  volume = {373},
  year = {2021},
}

@article{AnAutomatePipZheng2021,
  author = {Zheng, T and Azzolin, L and S\'{a}nchez, J and D\"{o}ssel, O and Loewe, A},
  doi = {10.1515/cdbme-2021-2035},
  issue = {2},
  journal = {Current Directions in Biomedical Engineering},
  language = {en},
  month = {10},
  pages = {136--139},
  publisher = {Walter de Gruyter GmbH},
  title = {An automate pipeline for generating fiber orientation and region annotation in patient specific atrial models},
  url = {http://dx.doi.org/10.1515/cdbme-2021-2035},
  volume = {7},
  year = {2021},
}

@article{ATechniqueForRoney2019,
  author = {Roney, CH and Whitaker, J and Sim, I and O'Neill, L and Mukherjee, RK and Razeghi, O and Vigmond, EJ and Wright, M and O'Neill, MD and Williams, SE and Niederer, SA},
  doi = {10.1016/j.compbiomed.2018.10.019},
  journal = {Computers in Biology and Medicine},
  language = {en},
  month = {1},
  pages = {278--290},
  publisher = {Elsevier BV},
  title = {A technique for measuring anisotropy in atrial conduction to estimate conduction velocity and atrial fibre direction},
  url = {http://dx.doi.org/10.1016/j.compbiomed.2018.10.019},
  volume = {104},
  year = {2019},
}

@article{PhysicsInformeRuizH2022,
  author = {Ruiz Herrera, C and Grandits, T and Plank, G and Perdikaris, P and Sahli Costabal, F and Pezzuto, S},
  doi = {10.1007/s00366-022-01709-3},
  issue = {5},
  journal = {Engineering with Computers},
  language = {en},
  month = {10},
  pages = {3957--3973},
  publisher = {Springer Science and Business Media LLC},
  title = {Physics-informed neural networks to learn cardiac fiber orientation from multiple electroanatomical maps},
  url = {http://dx.doi.org/10.1007/s00366-022-01709-3},
  volume = {38},
  year = {2022},
}

@article{ThermodynamicalRossi2014,
  author = {Rossi, S and Lassila, T and Ruiz-Baier, R and Sequeira, A and Quarteroni, AM},
  doi = {10.1016/j.euromechsol.2013.10.009},
  journal = {European Journal of Mechanics - A/Solids},
  language = {en},
  month = {11},
  pages = {129--142},
  publisher = {Elsevier BV},
  title = {Thermodynamically consistent orthotropic activation model capturing ventricular systolic wall thickening in cardiac electromechanics},
  url = {http://dx.doi.org/10.1016/j.euromechsol.2013.10.009},
  volume = {48},
  year = {2014},
}

@article{GeneratingFibrWong2014,
  author = {Wong, J and Kuhl, E},
  doi = {10.1080/10255842.2012.739167},
  issue = {11},
  journal = {Computer Methods in Biomechanics and Biomedical Engineering},
  language = {en},
  month = {8},
  pages = {1217--1226},
  publisher = {Informa UK Limited},
  title = {Generating fibre orientation maps in human heart models using Poisson interpolation},
  url = {http://dx.doi.org/10.1080/10255842.2012.739167},
  volume = {17},
  year = {2014},
}

@article{ARuleBasedMeDoste2019,
  author = {Doste, R and Soto-Iglesias, D and Bernardino, G and Alcaine, A and Sebastian, R and Giffard-Roisin, S and Sermesant, M and Berruezo, A and Sanchez-Quintana, D and Camara, O},
  doi = {10.1002/cnm.3185},
  issue = {4},
  journal = {International Journal for Numerical Methods in Biomedical Engineering},
  language = {en},
  month = {4},
  pages = {e3185},
  publisher = {Wiley},
  title = {A rule-based method to model myocardial fiber orientation in cardiac biventricular geometries with outflow tracts},
  url = {http://dx.doi.org/10.1002/cnm.3185},
  volume = {35},
  year = {2019},
}

@inproceedings{AnimatingRotatShoema1985,
  author = {Shoemake, K},
  booktitle = {the 12th annual conference},
  doi = {10.1145/325334.325242},
  journal = {Proceedings of the 12th annual conference on Computer graphics and interactive techniques  - SIGGRAPH '85},
  publisher = {ACM Press},
  title = {Animating rotation with quaternion curves},
  url = {http://dx.doi.org/10.1145/325334.325242},
  venue = {Not Known},
  year = {1985},
}

@inbook{LiquidCrystalsBall2017,
  author = {Ball, JM},
  doi = {10.1007/978-3-319-67600-5\_1},
  isbn = {['9783319675992', '9783319676005']},
  journal = {Mathematical Thermodynamics of Complex Fluids},
  month = {9},
  pages = {1--46},
  publisher = {Springer International Publishing},
  title = {Liquid Crystals and Their Defects},
  url = {http://dx.doi.org/10.1007/978-3-319-67600-5\_1},
  year = {2017},
}

@article{TheNematicChiAuriau2022,
  author = {Auriau, J and Usson, Y and Jouk, P-S},
  doi = {10.3390/jcdd9110371},
  issue = {11},
  journal = {Journal of Cardiovascular Development and Disease},
  language = {en},
  month = {10},
  pages = {371},
  publisher = {MDPI AG},
  title = {The Nematic Chiral Liquid Crystal Structure of the Cardiac Myoarchitecture: Disclinations and Topological Singularities},
  url = {http://dx.doi.org/10.3390/jcdd9110371},
  volume = {9},
  year = {2022},
}

@article{LiquidCrystalsHirst2017,
  author = {Hirst, LS and Charras, G},
  doi = {10.1038/544164a},
  issue = {7649},
  journal = {Nature},
  language = {en},
  month = {4},
  pages = {164--165},
  publisher = {Springer Science and Business Media LLC},
  title = {Liquid crystals in living tissue},
  url = {http://dx.doi.org/10.1038/544164a},
  volume = {544},
  year = {2017},
}

@article{NonlinearTheorLinF1989,
  author = {Lin, F-H},
  doi = {10.1002/cpa.3160420605},
  issue = {6},
  journal = {Communications on Pure and Applied Mathematics},
  language = {en},
  month = {9},
  pages = {789--814},
  publisher = {Wiley},
  title = {Nonlinear theory of defects in nematic liquid crystals; Phase transition and flow phenomena},
  url = {http://dx.doi.org/10.1002/cpa.3160420605},
  volume = {42},
  year = {1989},
}

@article{ASaddlePointHuQi2009,
  author = {Hu, Q and Tai, X-C and Winther, R},
  doi = {10.1137/060675575},
  issue = {2},
  journal = {SIAM Journal on Numerical Analysis},
  language = {en},
  month = {1},
  pages = {1500--1523},
  publisher = {Society for Industrial \& Applied Mathematics (SIAM)},
  title = {A Saddle Point Approach to the Computation of Harmonic Maps},
  url = {http://dx.doi.org/10.1137/060675575},
  volume = {47},
  year = {2009},
}

@article{BlockPreconditBeik2018,
  author = {Beik, FPA and Benzi, M},
  doi = {10.1007/s10092-018-0271-6},
  issue = {3},
  journal = {Calcolo},
  language = {en},
  month = {9},
  publisher = {Springer Science and Business Media LLC},
  title = {Block preconditioners for saddle point systems arising from liquid crystal directors modeling},
  url = {http://dx.doi.org/10.1007/s10092-018-0271-6},
  volume = {55},
  year = {2018},
}

@article{ConstrainedOptAdler2016,
  author = {Adler, JH and Emerson, DB and MacLachlan, SP and Manteuffel, TA},
  doi = {10.1137/141001846},
  issue = {1},
  journal = {SIAM Journal on Scientific Computing},
  language = {en},
  month = {1},
  pages = {B50--B76},
  publisher = {Society for Industrial \& Applied Mathematics (SIAM)},
  title = {Constrained Optimization for Liquid Crystal Equilibria},
  url = {http://dx.doi.org/10.1137/141001846},
  volume = {38},
  year = {2016},
}

@article{AugmentedLagraXiaJ2021,
  author = {Xia, J and Farrell, PE and Wechsung, F},
  doi = {10.1007/s10543-020-00838-9},
  issue = {2},
  journal = {BIT Numerical Mathematics},
  language = {en},
  month = {6},
  pages = {607--644},
  publisher = {Springer Science and Business Media LLC},
  title = {Augmented Lagrangian preconditioners for the {O}seen\textendash{}{F}rank model of nematic and cholesteric liquid crystals},
  url = {http://dx.doi.org/10.1007/s10543-020-00838-9},
  volume = {61},
  year = {2021},
}

@article{stenberg1995some,
  title={On some techniques for approximating boundary conditions in the finite element method},
  author={Stenberg, R},
  journal={Journal of Computational and applied Mathematics},
  volume={63},
  number={1-3},
  pages={139--148},
  year={1995},
  publisher={Elsevier}
}

@article{ExistenceAndPHardt1986,
  author = {Hardt, R and Kinderlehrer, D and Lin, F-H},
  doi = {10.1007/bf01238933},
  issue = {4},
  journal = {Communications in Mathematical Physics},
  language = {en},
  month = {12},
  pages = {547--570},
  publisher = {Springer Science and Business Media LLC},
  title = {Existence and partial regularity of static liquid crystal configurations},
  url = {http://dx.doi.org/10.1007/bf01238933},
  volume = {105},
  year = {1986},
}

@book{dacorogna2014introduction,
  title={Introduction to the Calculus of Variations},
  author={Dacorogna, B},
  year={2014},
  publisher={World Scientific Publishing Company}
}

@article{wright1999numerical,
  title={Numerical optimization},
  author={Wright, S and Nocedal, J},
  journal={Springer Science},
  volume={35},
  number={67-68},
  pages={7},
  year={1999}
}

@book{boffi2013mixed,
  title={Mixed finite element methods and applications},
  author={Boffi, D and Brezzi, F and Fortin, M},
  volume={44},
  year={2013},
  publisher={Springer}
}

@article{rathgeber2016firedrake,
  title={Firedrake: automating the finite element method by composing abstractions},
  author={Rathgeber, F and Ham, DA and Mitchell, L and Lange, M and Luporini, F and McRae, ATT and Bercea, G-T and Markall, GR and Kelly, PHJ},
  journal={ACM Transactions on Mathematical Software (TOMS)},
  volume={43},
  number={3},
  pages={1--27},
  year={2016},
  publisher={ACM New York, NY, USA}
}

@inproceedings{falgout2002hypre,
  title={hypre: A library of high performance preconditioners},
  author={Falgout, RD and Yang, UM},
  booktitle={International Conference on Computational Science},
  pages={632--641},
  year={2002},
  organization={Springer}
}

@article{MultigridMethoSchobe1999,
  author = {Sch\"{o}berl, J},
  doi = {10.1007/s002110050465},
  issue = {1},
  journal = {Numerische Mathematik},
  month = {11},
  pages = {97--119},
  publisher = {Springer Science and Business Media LLC},
  title = {Multigrid methods for a parameter dependent problem in primal variables},
  url = {http://dx.doi.org/10.1007/s002110050465},
  volume = {84},
  year = {1999},
}

@article{barnafi2022analysis,
  title={Analysis and numerical validation of robust parallel nonlinear solvers for implicit time discretizations of the Bidomain equations},
  author={Barnafi, NA and Huynh, NMM and Pavarino, LF and Scacchi, S},
  journal={arXiv preprint arXiv:2209.05193},
  year={2022}
}

@article{ParallelInexacBarnaf2022,
  author = {Barnafi, NA and Pavarino, LF and Scacchi, S},
  doi = {10.1016/j.cma.2022.115557},
  journal = {Computer Methods in Applied Mechanics and Engineering},
  language = {en},
  month = {10},
  pages = {115557},
  publisher = {Elsevier BV},
  title = {Parallel inexact Newton\textendash{}Krylov and quasi-Newton solvers for nonlinear elasticity},
  url = {http://dx.doi.org/10.1016/j.cma.2022.115557},
  volume = {400},
  year = {2022},
}

@article{BiologicalTissSawT2018,
  author = {Saw, TB and Xi, W and Ladoux, B and Lim, CT},
  doi = {10.1002/adma.201802579},
  issue = {47},
  journal = {Advanced Materials},
  language = {en},
  month = {11},
  pages = {1802579},
  publisher = {Wiley},
  title = {Biological Tissues as Active Nematic Liquid Crystals},
  url = {http://dx.doi.org/10.1002/adma.201802579},
  volume = {30},
  year = {2018},
}

@article{LandauDeGenneMajumd2010,
  author = {Majumdar, A and Zarnescu, A},
  doi = {10.1007/s00205-009-0249-2},
  issue = {1},
  journal = {Archive for Rational Mechanics and Analysis},
  language = {en},
  month = {4},
  pages = {227--280},
  publisher = {Springer Science and Business Media LLC},
  title = {Landau\textendash{}{D}e {G}ennes Theory of Nematic Liquid Crystals: the {O}seen\textendash{}{F}rank Limit and Beyond},
  url = {http://dx.doi.org/10.1007/s00205-009-0249-2},
  volume = {196},
  year = {2010},
}

@article{OrientationOfTang2017,
  author = {Tang, X and Selinger, JV},
  doi = {10.1039/c7sm01195d},
  issue = {32},
  journal = {Soft Matter},
  language = {en},
  pages = {5481--5490},
  publisher = {Royal Society of Chemistry (RSC)},
  title = {Orientation of topological defects in 2{D} nematic liquid crystals},
  url = {http://dx.doi.org/10.1039/c7sm01195d},
  volume = {13},
  year = {2017},
}

@article{Schoen1982regularity,
  title={A regularity theory for harmonic maps},
  author={Schoen, R and Uhlenbeck, K},
  journal={Journal of Differential Geometry},
  volume={17},
  number={2},
  pages={307--335},
  year={1982},
  publisher={Lehigh University}
}

@inproceedings{Hardt1988stable,
  title={Stable defects of minimizers of constrained variational principles},
  author={Hardt, R and Kinderlehrer, D and Lin, F-H},
  booktitle={Annales de l'Institut Henri Poincar{\'e} C, Analyse non lin{\'e}aire},
  volume={5},
  number={4},
  pages={297--322},
  year={1988},
  organization={Elsevier}
}

@book{Marsden2003vector,
  title={Vector calculus},
  author={Marsden, JE and Tromba, A},
  year={2003},
  publisher={Macmillan}
}

@inproceedings{Pyop2AHighLRathge2012,
  author = {Rathgeber, F and Markall, GR and Mitchell, L and Loriant, N and Ham, DA and Bertolli, C and Kelly, PHJ},
  booktitle = {2012 SC Companion: High Performance Computing, Networking, Storage and Analysis (SCC)},
  doi = {10.1109/sc.companion.2012.134},
  journal = {2012 SC Companion: High Performance Computing, Networking Storage and Analysis},
  month = {11},
  publisher = {IEEE},
  title = {PyOP2: A High-Level Framework for Performance-Portable Simulations on Unstructured Meshes},
  url = {http://dx.doi.org/10.1109/sc.companion.2012.134},
  venue = {Salt Lake City, UT},
  year = {2012},
}

@article{lawson1979basic,
  title={Basic linear algebra subprograms for Fortran usage},
  author={Lawson, CL and Hanson, RJ and Kincaid, DR and Krogh, FT},
  journal={ACM Transactions on Mathematical Software (TOMS)},
  volume={5},
  number={3},
  pages={308--323},
  year={1979},
  publisher={ACM New York, NY, USA}
}


@article{VerificationOfLand2015,
  author = {Land, S and Gurev, V and Arens, S and Augustin, CM and Baron, L and Blake, R and Bradley, C and Castro, S and Crozier, A and Favino, M and Fastl, TE and Fritz, T and Gao, H and Gizzi, A and Griffith, BE and Hurtado, DE and Krause, R and Luo, X and Nash, MP and Pezzuto, S and Plank, G and Rossi, S and Ruprecht, D and Seemann, G and Smith, NP and Sundnes, J and Rice, JJ and Trayanova, N and Wang, D and Jenny Wang, Z and Niederer, SA},
  doi = {10.1098/rspa.2015.0641},
  issue = {2184},
  journal = {Proceedings of the Royal Society A: Mathematical, Physical and Engineering Sciences},
  language = {en},
  month = {12},
  pages = {20150641},
  publisher = {The Royal Society},
  title = {Verification of cardiac mechanics software: benchmark problems and solutions for testing active and passive material behaviour},
  url = {http://dx.doi.org/10.1098/rspa.2015.0641},
  volume = {471},
  year = {2015},
}


@article{VerificationOfNieder2011,
  author = {Niederer, SA and Kerfoot, E and Benson, AP and Bernabeu, MO and Bernus, O and Bradley, C and Cherry, EM and Clayton, R and Fenton, FH and Garny, A and Heidenreich, E and Land, S and Maleckar, M and Pathmanathan, P and Plank, G and Rodr\'{\i}guez, JF and Roy, I and Sachse, FB and Seemann, G and Skavhaug, O and Smith, NP},
  doi = {10.1098/rsta.2011.0139},
  issue = {1954},
  journal = {Philosophical Transactions of the Royal Society A: Mathematical, Physical and Engineering Sciences},
  language = {en},
  month = {11},
  pages = {4331--4351},
  publisher = {The Royal Society},
  title = {Verification of cardiac tissue electrophysiology simulators using an
            <i>N</i>
            -version benchmark},
  url = {http://dx.doi.org/10.1098/rsta.2011.0139},
  volume = {369},
  year = {2011},
}

%%%%%%%%%%%%%%%%%%%%%%%%%%%%%%%%%%%%%%%%%%%%%%%%%%%%%%%%%%%%%%%%%%%%%%%%%%%%%%%

@book{quarteroni2008numerical,
  title={Numerical approximation of partial differential equations},
  author={Quarteroni, A and Valli, A},
  volume={23},
  year={2008},
  publisher={Springer Science \& Business Media}
}

@article{FiniteElementVerfr1986,
  author = {Verf\"u rth, R},
  doi = {10.1007/bf01398380},
  issue = {6},
  journal = {Numerische Mathematik},
  language = {en},
  month = {11},
  pages = {697--721},
  publisher = {Springer Science and Business Media LLC},
  title = {Finite element approximation on incompressible Navier-Stokes equations with slip boundary condition},
  url = {http://dx.doi.org/10.1007/bf01398380},
  volume = {50},
  year = {1986},
}

@article{NitschesMethoGjerde2021,
  author = {Gjerde, I and Scott, L},
  doi = {10.1090/mcom/3682},
  issue = {334},
  journal = {Mathematics of Computation},
  language = {en},
  month = {11},
  pages = {597--622},
  publisher = {American Mathematical Society (AMS)},
  title = {Nitsche's method for Navier\textendash{}Stokes equations with slip boundary conditions},
  url = {http://dx.doi.org/10.1090/mcom/3682},
  volume = {91},
  year = {2021},
}

@article{Chouly2024,
  title = {A Review on Some Discrete Variational Techniques for the Approximation of Essential Boundary Conditions},
  ISSN = {2305-2228},
  url = {http://dx.doi.org/10.1007/s10013-024-00702-1},
  DOI = {10.1007/s10013-024-00702-1},
  journal = {Vietnam Journal of Mathematics},
  publisher = {Springer Science and Business Media LLC},
  author = {Chouly,  Franz},
  year = {2024}
}

@book{ciarlet2013linear,
  title={Linear and nonlinear functional analysis with applications},
  author={Ciarlet, PG},
  year={2013},
  publisher={SIAM}
}

@book{adams2003sobolev,
  title={Sobolev spaces},
  author={Adams, RA and Fournier, JF},
  year={2003},
  publisher={Elsevier}
}

@article{gatica2014simple,
  title={A simple introduction to the mixed finite element method},
  author={Gatica, GN},
  journal={Theory and Applications. Springer Briefs in Mathematics. Springer, London},
  year={2014},
  publisher={Springer}
}

@book{monk2003finite,
  title={Finite element methods for Maxwell's equations},
  author={Monk, P},
  year={2003},
  publisher={Oxford university press}
}

@book{brenner2008mathematical,
  title={The mathematical theory of finite element methods},
  author={Brenner, SC and Scott, R},
  year={2008},
  publisher={Springer}
}

@book{evans2022partial,
  title={Partial differential equations},
  author={Evans, LC},
  volume={19},
  year={2022},
  publisher={American Mathematical Society}
}

@article{evans2009n,
  title={n-Widths, sup--infs, and optimality ratios for the k-version of the isogeometric finite element method},
  author={Evans, JA and Bazilevs, Y and Babu{\v{s}}ka, I and Hughes, TJR},
  journal={Computer Methods in Applied Mechanics and Engineering},
  volume={198},
  number={21-26},
  pages={1726--1741},
  year={2009},
  publisher={Elsevier}
}

@book{ern2004theory,
  title={Theory and practice of finite elements},
  author={Ern, A and Guermond, J-L},
  volume={159},
  year={2004},
  publisher={Springer}
}

@article{warburton2003constants,
  title={On the constants in hp-finite element trace inverse inequalities},
  author={Warburton, T and Hesthaven, JS},
  journal={Computer methods in applied mechanics and engineering},
  volume={192},
  number={25},
  pages={2765--2773},
  year={2003},
  publisher={Elsevier}
}

@book{sayas2019variational,
  title={Variational techniques for elliptic partial differential equations: Theoretical tools and advanced applications},
  author={Sayas, FJ and Brown, TS and Hassell, ME},
  year={2019},
  publisher={CRC Press}
}


@article{moiola2021scattering,
  title={Scattering of time-harmonic acoustic waves: Helmholtz equation, boundary integral equations and BEM},
  author={Moiola, A},
  journal={Lecture notes for the “Advanced numerical methods for PDEs” class, University of Pavia, Department of Mathematics},
  year={2021}
}

@book{BrezisFA, 
  place={New York}, 
  title={Functional analysis, Sobolev spaces and partial differential equations}, 
  publisher={Springer}, 
  author={Brezis, H.}, 
  year={2011}
} 

@book{ambrosetti1995primer,
  title={A primer of nonlinear analysis},
  author={Ambrosetti, A and Prodi, G},
  number={34},
  year={1995},
  publisher={Cambridge University Press}
}

@article{chen2024infSup,
    title = {Inf-sup Conditions for Operator Equations},
    author = {Long Chen},
    year = {2024},
    journal = {Personal notes},
}

@book{pata2019fixed,
  title={Fixed point theorems and applications},
  author={Pata, V},
  volume={116},
  year={2019},
  publisher={Springer}
}

@book{thomee2007galerkin,
  title={Galerkin finite element methods for parabolic problems},
  author={Thom{\'e}e, V},
  volume={25},
  year={2007},
  publisher={Springer Science \& Business Media}
}


@article{chenLFDM,
  title={Finite Difference Methods for Poisson Equation},
  author={Chen, Long},
  journal={Personal notes},
  url={https://www.math.uci.edu/~chenlong/226/FDM.pdf},
  year = 2020
}

@book{LeVeque2007,
  title     = "Finite difference methods for ordinary and partial differential
               equations",
  author    = "LeVeque, RJ",
  publisher = "Society for Industrial and Applied Mathematics",
  year = 2009
}


@book{Tao_2021, 
  place={Providence, RI}, 
  title={An introduction to measure theory}, 
  publisher={American Mathematical Society}, 
  author={Tao, Terence}, 
  year={2021}
} 

@book{Rudin_2013, 
  place={New York, NY}, 
  title={Real and complex analysis}, 
  publisher={McGraw-Hill}, 
  author={Rudin, Walter}, 
  year={2013}
} 